Balcăo	Produto da conta	Moeda	NŞ Conta		
ANADIA	CONTA PARTICULARES	EUR	148.10.007607-1		
Nome 1ş Titular	Movimentos	Data/hora Consulta			
BERNARDO FARIA X ALBUQUERQUE AMARAL	De 2026-06-01 a 2026-06-21	2026-06-21 01:05			
Saldo Contabilístico	Saldo Descob. Autorizado	Saldo Indisponível	Saldo Cativo		
2.092,16	0,00	0,00	0,00		
Saldo Autorizado	Saldo Disponível				
2.092,16	2.092,16				
DATA MOV.	DATA VALOR	DESCRIÇĂO	IMPORTÂNCIA	SALDO CONTABILÍSTICO	
2026-06-01	2026-06-01	TRF.DE CRISTINA CELESTE FERNAN	39,61	8.852,05	
2026-06-01	2026-06-01	DD-PORTUSA, LDA	-29,90	8.822,15	
2026-06-01	2026-06-01	DD-PORTUSA, LDA	-29,90	8.792,25	
2026-06-01	2026-06-01	DD-ADRA AGUAS REGIA	-33,16	8.759,09	
2026-06-01	2026-06-01	DD-BKCF bankintercard	-164,43	8.594,66	
2026-06-01	2026-06-01	148.21.000665-3 Devol. Spread	32,21	8.626,87	
2026-06-01	2026-06-01	COMPRA   CLIVIDA	-140,00	8.486,87	
2026-06-01	2026-06-01	MGAM QUOTAS               QA	-1,00	8.485,87	
2026-06-01	2026-06-01	MGAM QUOTAS PPC	-39,62	8.446,25	
2026-06-02	2026-06-02	TRF.P/ DANIELA COITO	-125,00	8.321,25	
2026-06-02	2026-06-02	TRF.P/ BERNARDO AMARAL	-125,00	8.196,25	
2026-06-03	2026-06-03	TR-MEDIS COMPANHIA PORTUGUESA	48,00	8.244,25	
2026-06-03	2026-06-03	TRF.IPS P/ DANIELA DA SILVA C	-150,00	8.094,25	
2026-06-03	2026-06-03	TRF.IPS P/ BERNARDO FARIA XAV	-546,64	7.547,61	
2026-06-04	2026-06-04	TRF.IPS P/ DANIELA SILVA COIT	-5.000,00	2.547,61	
2026-06-04	2026-06-04	TRF. ISABEL MARIA FERNANDES FA	-37,35	2.510,26	
2026-06-05	2026-06-05	TR-ACCENTURE CONSULTORES DE GE	158,74	2.669,00	
2026-06-05	2026-06-05	TRF. CRISTINA CELESTE FERNANDE	10,00	2.679,00	
2026-06-06	2026-06-06	COMPRA   UBER EATS	-19,97	2.659,03	
2026-06-06	2026-06-06	DEVOL.   UBER EATS	0,49	2.659,52	
2026-06-07	2026-06-07	COMPRA   POSICO 11722 COMBUS	-63,16	2.596,36	
2026-06-07	2026-06-07	TRF. CRISTINA CELESTE FERNANDE	-10,00	2.586,36	
2026-06-08	2026-06-08	TR-IPS-JOAO PEDRO R COITO SILV	400,45	2.986,81	
2026-06-09	2026-06-09	DD-AGEAS PORTUGAL NAO VIDA	-20,15	2.966,66	
2026-06-09	2026-06-09	DD-GAFAGEST UNIP LDA	-41,22	2.925,44	
2026-06-09	2026-06-09	TRF.IPS P/ MANUELA PEREIRA	-16,00	2.909,44	
2026-06-09	2026-06-09	COMPRA   BOUTIQUE NESPRESSO	-153,80	2.755,64	
2026-06-09	2026-06-09	COMPRA   CTT - CORREIOS	-5,55	2.750,09	
2026-06-10	2026-06-10	TRF. CRISTINA CELESTE FERNANDE	53,00	2.803,09	
2026-06-10	2026-06-10	SOLUÇĂO MAIS CONSIGO	-2,50	2.800,59	
2026-06-10	2026-06-10	I.S. COM. MAN. CTA PACOTE	-0,10	2.800,49	
2026-06-10	2026-06-10	TR-IPS-DANIELA DA SILVA COITO	16,00	2.816,49	
2026-06-10	2026-06-10	TRF.IPS P/ DANIELA SILVA COIT	-50,00	2.766,49	
2026-06-10	2026-06-10	TRF.P/ BERNARDO FARIA XAVIER A	-564,49	2.202,00	
2026-06-11	2026-06-11	DD-REVER AGEAS PORTUGAL NAO VI	20,15	2.222,15	
2026-06-12	2026-06-12	DD-LUSITANIAGAS COMERCIALIZACA	-18,77	2.203,38	
2026-06-12	2026-06-12	DD-ASISA VIDA SEGUROS, S.A.U.,	-4,21	2.199,17	
2026-06-12	2026-06-12	DD-ASISA VIDA SEGUROS, S.A.U.,	-4,21	2.194,96	
2026-06-13	2026-06-13	LEV.ATM    7232	-20,00	2.174,96	
2026-06-14	2026-06-12	PG.BXV   VIA VERDE	-7,50	2.167,46	
2026-06-15	2026-06-15	TR-MEDIS COMPANHIA PORTUGUESA	6,53	2.173,99	
2026-06-16	2026-06-16	COMPRA   SANTA APOLONIA	-5,00	2.168,99	
2026-06-17	2026-06-17	DD-G9,SA	-38,98	2.130,01	
2026-06-17	2026-06-17	COMPRA   RUI DANIEL F MELO	-8,90	2.121,11	
2026-06-18	2026-06-16	PG.BXV   VIA VERDE	-3,95	2.117,16	
2026-06-19	2026-06-19	COMPRA   EMENTA DISPONIVEL	-19,00	2.098,16	
2026-06-19	2026-06-19	COMPRA   MUNICIPIO DE ANADIA	-6,00	2.092,16	
					
